%YAML 1.1
%TAG !u! tag:unity3d.com,2011:
--- !u!29 &1
OcclusionCullingSettings:
  m_ObjectHideFlags: 0
  serializedVersion: 2
  m_OcclusionBakeSettings:
    smallestOccluder: 5
    smallestHole: 0.25
    backfaceThreshold: 100
  m_SceneGUID: 00000000000000000000000000000000
  m_OcclusionCullingData: {fileID: 0}
--- !u!104 &2
RenderSettings:
  m_ObjectHideFlags: 0
  serializedVersion: 9
  m_Fog: 0
  m_FogColor: {r: 0.5, g: 0.5, b: 0.5, a: 1}
  m_FogMode: 3
  m_FogDensity: 0.01
  m_LinearFogStart: 0
  m_LinearFogEnd: 300
  m_AmbientSkyColor: {r: 0.212, g: 0.227, b: 0.259, a: 1}
  m_AmbientEquatorColor: {r: 0.114, g: 0.125, b: 0.133, a: 1}
  m_AmbientGroundColor: {r: 0.047, g: 0.043, b: 0.035, a: 1}
  m_AmbientIntensity: 1
  m_AmbientMode: 3
  m_SubtractiveShadowColor: {r: 0.42, g: 0.478, b: 0.627, a: 1}
  m_SkyboxMaterial: {fileID: 0}
  m_HaloStrength: 0.5
  m_FlareStrength: 1
  m_FlareFadeSpeed: 3
  m_HaloTexture: {fileID: 0}
  m_SpotCookie: {fileID: 10001, guid: 0000000000000000e000000000000000, type: 0}
  m_DefaultReflectionMode: 0
  m_DefaultReflectionResolution: 128
  m_ReflectionBounces: 1
  m_ReflectionIntensity: 1
  m_CustomReflection: {fileID: 0}
  m_Sun: {fileID: 0}
  m_IndirectSpecularColor: {r: 0, g: 0, b: 0, a: 1}
  m_UseRadianceAmbientProbe: 0
--- !u!157 &3
LightmapSettings:
  m_ObjectHideFlags: 0
  serializedVersion: 12
  m_GIWorkflowMode: 1
  m_GISettings:
    serializedVersion: 2
    m_BounceScale: 1
    m_IndirectOutputScale: 1
    m_AlbedoBoost: 1
    m_EnvironmentLightingMode: 0
    m_EnableBakedLightmaps: 0
    m_EnableRealtimeLightmaps: 0
  m_LightmapEditorSettings:
    serializedVersion: 12
    m_Resolution: 2
    m_BakeResolution: 40
    m_AtlasSize: 1024
    m_AO: 0
    m_AOMaxDistance: 1
    m_CompAOExponent: 1
    m_CompAOExponentDirect: 0
    m_ExtractAmbientOcclusion: 0
    m_Padding: 2
    m_LightmapParameters: {fileID: 0}
    m_LightmapsBakeMode: 1
    m_TextureCompression: 1
    m_FinalGather: 0
    m_FinalGatherFiltering: 1
    m_FinalGatherRayCount: 256
    m_ReflectionCompression: 2
    m_MixedBakeMode: 2
    m_BakeBackend: 1
    m_PVRSampling: 1
    m_PVRDirectSampleCount: 32
    m_PVRSampleCount: 512
    m_PVRBounces: 2
    m_PVREnvironmentSampleCount: 256
    m_PVREnvironmentReferencePointCount: 2048
    m_PVRFilteringMode: 1
    m_PVRDenoiserTypeDirect: 1
    m_PVRDenoiserTypeIndirect: 1
    m_PVRDenoiserTypeAO: 1
    m_PVRFilterTypeDirect: 0
    m_PVRFilterTypeIndirect: 0
    m_PVRFilterTypeAO: 0
    m_PVREnvironmentMIS: 1
    m_PVRCulling: 1
    m_PVRFilteringGaussRadiusDirect: 1
    m_PVRFilteringGaussRadiusIndirect: 5
    m_PVRFilteringGaussRadiusAO: 2
    m_PVRFilteringAtrousPositionSigmaDirect: 0.5
    m_PVRFilteringAtrousPositionSigmaIndirect: 2
    m_PVRFilteringAtrousPositionSigmaAO: 1
    m_ExportTrainingData: 0
    m_TrainingDataDestination: TrainingData
    m_LightProbeSampleCountMultiplier: 4
  m_LightingDataAsset: {fileID: 0}
  m_LightingSettings: {fileID: 0}
--- !u!196 &4
NavMeshSettings:
  serializedVersion: 2
  m_ObjectHideFlags: 0
  m_BuildSettings:
    serializedVersion: 2
    agentTypeID: 0
    agentRadius: 0.5
    agentHeight: 2
    agentSlope: 45
    agentClimb: 0.4
    ledgeDropHeight: 0
    maxJumpAcrossDistance: 0
    minRegionArea: 2
    manualCellSize: 0
    cellSize: 0.16666667
    manualTileSize: 0
    tileSize: 256
    accuratePlacement: 0
    maxJobWorkers: 0
    preserveTilesOutsideBounds: 0
    debug:
      m_Flags: 0
  m_NavMeshData: {fileID: 0}
--- !u!1001 &104226481
PrefabInstance:
  m_ObjectHideFlags: 0
  serializedVersion: 2
  m_Modification:
    m_TransformParent: {fileID: 222522904}
    m_Modifications:
    - target: {fileID: 3567346227379164377, guid: 831656e4ff86c9e47aae767a6e6bb9e2,
        type: 3}
      propertyPath: m_Name
      value: Floor (17)
      objectReference: {fileID: 0}
    - target: {fileID: 3567346227379164377, guid: 831656e4ff86c9e47aae767a6e6bb9e2,
        type: 3}
      propertyPath: m_Layer
      value: 20
      objectReference: {fileID: 0}
    - target: {fileID: 5108402724392062886, guid: 831656e4ff86c9e47aae767a6e6bb9e2,
        type: 3}
      propertyPath: m_LocalPosition.x
      value: -7.07
      objectReference: {fileID: 0}
    - target: {fileID: 5108402724392062886, guid: 831656e4ff86c9e47aae767a6e6bb9e2,
        type: 3}
      propertyPath: m_LocalPosition.y
      value: -4.99
      objectReference: {fileID: 0}
    - target: {fileID: 5108402724392062886, guid: 831656e4ff86c9e47aae767a6e6bb9e2,
        type: 3}
      propertyPath: m_LocalPosition.z
      value: 0
      objectReference: {fileID: 0}
    - target: {fileID: 5108402724392062886, guid: 831656e4ff86c9e47aae767a6e6bb9e2,
        type: 3}
      propertyPath: m_LocalRotation.x
      value: 0
      objectReference: {fileID: 0}
    - target: {fileID: 5108402724392062886, guid: 831656e4ff86c9e47aae767a6e6bb9e2,
        type: 3}
      propertyPath: m_LocalRotation.y
      value: 0
      objectReference: {fileID: 0}
    - target: {fileID: 5108402724392062886, guid: 831656e4ff86c9e47aae767a6e6bb9e2,
        type: 3}
      propertyPath: m_LocalRotation.z
      value: 0
      objectReference: {fileID: 0}
    - target: {fileID: 5108402724392062886, guid: 831656e4ff86c9e47aae767a6e6bb9e2,
        type: 3}
      propertyPath: m_LocalRotation.w
      value: 1
      objectReference: {fileID: 0}
    - target: {fileID: 5108402724392062886, guid: 831656e4ff86c9e47aae767a6e6bb9e2,
        type: 3}
      propertyPath: m_RootOrder
      value: 17
      objectReference: {fileID: 0}
    - target: {fileID: 5108402724392062886, guid: 831656e4ff86c9e47aae767a6e6bb9e2,
        type: 3}
      propertyPath: m_LocalEulerAnglesHint.x
      value: 0
      objectReference: {fileID: 0}
    - target: {fileID: 5108402724392062886, guid: 831656e4ff86c9e47aae767a6e6bb9e2,
        type: 3}
      propertyPath: m_LocalEulerAnglesHint.y
      value: 0
      objectReference: {fileID: 0}
    - target: {fileID: 5108402724392062886, guid: 831656e4ff86c9e47aae767a6e6bb9e2,
        type: 3}
      propertyPath: m_LocalEulerAnglesHint.z
      value: 0
      objectReference: {fileID: 0}
    m_RemovedComponents: []
  m_SourcePrefab: {fileID: 100100000, guid: 831656e4ff86c9e47aae767a6e6bb9e2, type: 3}
--- !u!4 &104226482 stripped
Transform:
  m_CorrespondingSourceObject: {fileID: 5108402724392062886, guid: 831656e4ff86c9e47aae767a6e6bb9e2,
    type: 3}
  m_PrefabInstance: {fileID: 104226481}
  m_PrefabAsset: {fileID: 0}
--- !u!1001 &141285436
PrefabInstance:
  m_ObjectHideFlags: 0
  serializedVersion: 2
  m_Modification:
    m_TransformParent: {fileID: 222522904}
    m_Modifications:
    - target: {fileID: 3567346227379164377, guid: 831656e4ff86c9e47aae767a6e6bb9e2,
        type: 3}
      propertyPath: m_Name
      value: Floor (9)
      objectReference: {fileID: 0}
    - target: {fileID: 3567346227379164377, guid: 831656e4ff86c9e47aae767a6e6bb9e2,
        type: 3}
      propertyPath: m_Layer
      value: 20
      objectReference: {fileID: 0}
    - target: {fileID: 5108402724392062886, guid: 831656e4ff86c9e47aae767a6e6bb9e2,
        type: 3}
      propertyPath: m_LocalPosition.x
      value: 7.62
      objectReference: {fileID: 0}
    - target: {fileID: 5108402724392062886, guid: 831656e4ff86c9e47aae767a6e6bb9e2,
        type: 3}
      propertyPath: m_LocalPosition.y
      value: -4.99
      objectReference: {fileID: 0}
    - target: {fileID: 5108402724392062886, guid: 831656e4ff86c9e47aae767a6e6bb9e2,
        type: 3}
      propertyPath: m_LocalPosition.z
      value: 0
      objectReference: {fileID: 0}
    - target: {fileID: 5108402724392062886, guid: 831656e4ff86c9e47aae767a6e6bb9e2,
        type: 3}
      propertyPath: m_LocalRotation.x
      value: 0
      objectReference: {fileID: 0}
    - target: {fileID: 5108402724392062886, guid: 831656e4ff86c9e47aae767a6e6bb9e2,
        type: 3}
      propertyPath: m_LocalRotation.y
      value: 0
      objectReference: {fileID: 0}
    - target: {fileID: 5108402724392062886, guid: 831656e4ff86c9e47aae767a6e6bb9e2,
        type: 3}
      propertyPath: m_LocalRotation.z
      value: 0
      objectReference: {fileID: 0}
    - target: {fileID: 5108402724392062886, guid: 831656e4ff86c9e47aae767a6e6bb9e2,
        type: 3}
      propertyPath: m_LocalRotation.w
      value: 1
      objectReference: {fileID: 0}
    - target: {fileID: 5108402724392062886, guid: 831656e4ff86c9e47aae767a6e6bb9e2,
        type: 3}
      propertyPath: m_RootOrder
      value: 9
      objectReference: {fileID: 0}
    - target: {fileID: 5108402724392062886, guid: 831656e4ff86c9e47aae767a6e6bb9e2,
        type: 3}
      propertyPath: m_LocalEulerAnglesHint.x
      value: 0
      objectReference: {fileID: 0}
    - target: {fileID: 5108402724392062886, guid: 831656e4ff86c9e47aae767a6e6bb9e2,
        type: 3}
      propertyPath: m_LocalEulerAnglesHint.y
      value: 0
      objectReference: {fileID: 0}
    - target: {fileID: 5108402724392062886, guid: 831656e4ff86c9e47aae767a6e6bb9e2,
        type: 3}
      propertyPath: m_LocalEulerAnglesHint.z
      value: 0
      objectReference: {fileID: 0}
    m_RemovedComponents: []
  m_SourcePrefab: {fileID: 100100000, guid: 831656e4ff86c9e47aae767a6e6bb9e2, type: 3}
--- !u!4 &141285437 stripped
Transform:
  m_CorrespondingSourceObject: {fileID: 5108402724392062886, guid: 831656e4ff86c9e47aae767a6e6bb9e2,
    type: 3}
  m_PrefabInstance: {fileID: 141285436}
  m_PrefabAsset: {fileID: 0}
--- !u!1 &222522903
GameObject:
  m_ObjectHideFlags: 0
  m_CorrespondingSourceObject: {fileID: 0}
  m_PrefabInstance: {fileID: 0}
  m_PrefabAsset: {fileID: 0}
  serializedVersion: 6
  m_Component:
  - component: {fileID: 222522904}
  m_Layer: 20
  m_Name: Level
  m_TagString: Untagged
  m_Icon: {fileID: 0}
  m_NavMeshLayer: 0
  m_StaticEditorFlags: 0
  m_IsActive: 1
--- !u!4 &222522904
Transform:
  m_ObjectHideFlags: 0
  m_CorrespondingSourceObject: {fileID: 0}
  m_PrefabInstance: {fileID: 0}
  m_PrefabAsset: {fileID: 0}
  m_GameObject: {fileID: 222522903}
  m_LocalRotation: {x: 0, y: 0, z: 0, w: 1}
  m_LocalPosition: {x: 0, y: 0, z: 0}
  m_LocalScale: {x: 1, y: 1, z: 1}
  m_Children:
  - {fileID: 1762308308}
  - {fileID: 2025578641}
  - {fileID: 1849641918}
  - {fileID: 295529103}
  - {fileID: 2072640292}
  - {fileID: 523758639}
  - {fileID: 765084348}
  - {fileID: 636959933}
  - {fileID: 1680574212}
  - {fileID: 141285437}
  - {fileID: 1055872083}
  - {fileID: 2023356944}
  - {fileID: 2010975134}
  - {fileID: 820091808}
  - {fileID: 1017412610}
  - {fileID: 569135320}
  - {fileID: 1811485914}
  - {fileID: 104226482}
  - {fileID: 1063411001}
  - {fileID: 1506498082}
  m_Father: {fileID: 0}
  m_RootOrder: 1
  m_LocalEulerAnglesHint: {x: 0, y: 0, z: 0}
--- !u!1 &222536707
GameObject:
  m_ObjectHideFlags: 0
  m_CorrespondingSourceObject: {fileID: 0}
  m_PrefabInstance: {fileID: 0}
  m_PrefabAsset: {fileID: 0}
  serializedVersion: 6
  m_Component:
  - component: {fileID: 222536710}
  - component: {fileID: 222536709}
  - component: {fileID: 222536708}
  m_Layer: 0
  m_Name: Main Camera
  m_TagString: MainCamera
  m_Icon: {fileID: 0}
  m_NavMeshLayer: 0
  m_StaticEditorFlags: 0
  m_IsActive: 1
--- !u!81 &222536708
AudioListener:
  m_ObjectHideFlags: 0
  m_CorrespondingSourceObject: {fileID: 0}
  m_PrefabInstance: {fileID: 0}
  m_PrefabAsset: {fileID: 0}
  m_GameObject: {fileID: 222536707}
  m_Enabled: 1
--- !u!20 &222536709
Camera:
  m_ObjectHideFlags: 0
  m_CorrespondingSourceObject: {fileID: 0}
  m_PrefabInstance: {fileID: 0}
  m_PrefabAsset: {fileID: 0}
  m_GameObject: {fileID: 222536707}
  m_Enabled: 1
  serializedVersion: 2
  m_ClearFlags: 1
  m_BackGroundColor: {r: 0.19215687, g: 0.3019608, b: 0.4745098, a: 0}
  m_projectionMatrixMode: 1
  m_GateFitMode: 2
  m_FOVAxisMode: 0
  m_SensorSize: {x: 36, y: 24}
  m_LensShift: {x: 0, y: 0}
  m_FocalLength: 50
  m_NormalizedViewPortRect:
    serializedVersion: 2
    x: 0
    y: 0
    width: 1
    height: 1
  near clip plane: 0.3
  far clip plane: 1000
  field of view: 60
  orthographic: 1
  orthographic size: 5
  m_Depth: -1
  m_CullingMask:
    serializedVersion: 2
    m_Bits: 4294967295
  m_RenderingPath: -1
  m_TargetTexture: {fileID: 0}
  m_TargetDisplay: 0
  m_TargetEye: 3
  m_HDR: 1
  m_AllowMSAA: 1
  m_AllowDynamicResolution: 0
  m_ForceIntoRT: 0
  m_OcclusionCulling: 1
  m_StereoConvergence: 10
  m_StereoSeparation: 0.022
--- !u!4 &222536710
Transform:
  m_ObjectHideFlags: 0
  m_CorrespondingSourceObject: {fileID: 0}
  m_PrefabInstance: {fileID: 0}
  m_PrefabAsset: {fileID: 0}
  m_GameObject: {fileID: 222536707}
  m_LocalRotation: {x: 0, y: 0, z: 0, w: 1}
  m_LocalPosition: {x: 0, y: 0, z: -10}
  m_LocalScale: {x: 1, y: 1, z: 1}
  m_Children: []
  m_Father: {fileID: 0}
  m_RootOrder: 0
  m_LocalEulerAnglesHint: {x: 0, y: 0, z: 0}
--- !u!1001 &295529102
PrefabInstance:
  m_ObjectHideFlags: 0
  serializedVersion: 2
  m_Modification:
    m_TransformParent: {fileID: 222522904}
    m_Modifications:
    - target: {fileID: 3567346227379164377, guid: 831656e4ff86c9e47aae767a6e6bb9e2,
        type: 3}
      propertyPath: m_Name
      value: Floor (3)
      objectReference: {fileID: 0}
    - target: {fileID: 3567346227379164377, guid: 831656e4ff86c9e47aae767a6e6bb9e2,
        type: 3}
      propertyPath: m_Layer
      value: 20
      objectReference: {fileID: 0}
    - target: {fileID: 5108402724392062886, guid: 831656e4ff86c9e47aae767a6e6bb9e2,
        type: 3}
      propertyPath: m_LocalPosition.x
      value: 2.71
      objectReference: {fileID: 0}
    - target: {fileID: 5108402724392062886, guid: 831656e4ff86c9e47aae767a6e6bb9e2,
        type: 3}
      propertyPath: m_LocalPosition.y
      value: -4.99
      objectReference: {fileID: 0}
    - target: {fileID: 5108402724392062886, guid: 831656e4ff86c9e47aae767a6e6bb9e2,
        type: 3}
      propertyPath: m_LocalPosition.z
      value: 0
      objectReference: {fileID: 0}
    - target: {fileID: 5108402724392062886, guid: 831656e4ff86c9e47aae767a6e6bb9e2,
        type: 3}
      propertyPath: m_LocalRotation.x
      value: 0
      objectReference: {fileID: 0}
    - target: {fileID: 5108402724392062886, guid: 831656e4ff86c9e47aae767a6e6bb9e2,
        type: 3}
      propertyPath: m_LocalRotation.y
      value: 0
      objectReference: {fileID: 0}
    - target: {fileID: 5108402724392062886, guid: 831656e4ff86c9e47aae767a6e6bb9e2,
        type: 3}
      propertyPath: m_LocalRotation.z
      value: 0
      objectReference: {fileID: 0}
    - target: {fileID: 5108402724392062886, guid: 831656e4ff86c9e47aae767a6e6bb9e2,
        type: 3}
      propertyPath: m_LocalRotation.w
      value: 1
      objectReference: {fileID: 0}
    - target: {fileID: 5108402724392062886, guid: 831656e4ff86c9e47aae767a6e6bb9e2,
        type: 3}
      propertyPath: m_RootOrder
      value: 3
      objectReference: {fileID: 0}
    - target: {fileID: 5108402724392062886, guid: 831656e4ff86c9e47aae767a6e6bb9e2,
        type: 3}
      propertyPath: m_LocalEulerAnglesHint.x
      value: 0
      objectReference: {fileID: 0}
    - target: {fileID: 5108402724392062886, guid: 831656e4ff86c9e47aae767a6e6bb9e2,
        type: 3}
      propertyPath: m_LocalEulerAnglesHint.y
      value: 0
      objectReference: {fileID: 0}
    - target: {fileID: 5108402724392062886, guid: 831656e4ff86c9e47aae767a6e6bb9e2,
        type: 3}
      propertyPath: m_LocalEulerAnglesHint.z
      value: 0
      objectReference: {fileID: 0}
    m_RemovedComponents: []
  m_SourcePrefab: {fileID: 100100000, guid: 831656e4ff86c9e47aae767a6e6bb9e2, type: 3}
--- !u!4 &295529103 stripped
Transform:
  m_CorrespondingSourceObject: {fileID: 5108402724392062886, guid: 831656e4ff86c9e47aae767a6e6bb9e2,
    type: 3}
  m_PrefabInstance: {fileID: 295529102}
  m_PrefabAsset: {fileID: 0}
--- !u!1001 &402199815
PrefabInstance:
  m_ObjectHideFlags: 0
  serializedVersion: 2
  m_Modification:
    m_TransformParent: {fileID: 0}
    m_Modifications:
    - target: {fileID: 2960811990388180480, guid: 0f2f936fbb41d164682c298db2c881a2,
        type: 3}
      propertyPath: playerRB
      value: 
      objectReference: {fileID: 1888831880}
    - target: {fileID: 2960811990388180480, guid: 0f2f936fbb41d164682c298db2c881a2,
        type: 3}
      propertyPath: iceSprite
      value: 
      objectReference: {fileID: 1888831885}
    - target: {fileID: 2960811990388180480, guid: 0f2f936fbb41d164682c298db2c881a2,
        type: 3}
      propertyPath: vaporSprite
      value: 
      objectReference: {fileID: 1888831884}
    - target: {fileID: 2960811990388180480, guid: 0f2f936fbb41d164682c298db2c881a2,
        type: 3}
      propertyPath: waterSprite
      value: 
      objectReference: {fileID: 1888831883}
    - target: {fileID: 2960811990388180480, guid: 0f2f936fbb41d164682c298db2c881a2,
        type: 3}
      propertyPath: feet
      value: 
      objectReference: {fileID: 1888831881}
    - target: {fileID: 2960811990388180480, guid: 0f2f936fbb41d164682c298db2c881a2,
        type: 3}
      propertyPath: waterReset
      value: 
      objectReference: {fileID: 1888831882}
    - target: {fileID: 2960811990388180480, guid: 0f2f936fbb41d164682c298db2c881a2,
        type: 3}
      propertyPath: thePlayer
      value: 
      objectReference: {fileID: 1888831879}
    - target: {fileID: 2960811990388180510, guid: 0f2f936fbb41d164682c298db2c881a2,
        type: 3}
      propertyPath: m_Name
      value: PlayerManager
      objectReference: {fileID: 0}
    - target: {fileID: 2960811990388180511, guid: 0f2f936fbb41d164682c298db2c881a2,
        type: 3}
      propertyPath: m_LocalPosition.x
      value: 0
      objectReference: {fileID: 0}
    - target: {fileID: 2960811990388180511, guid: 0f2f936fbb41d164682c298db2c881a2,
        type: 3}
      propertyPath: m_LocalPosition.y
      value: 0
      objectReference: {fileID: 0}
    - target: {fileID: 2960811990388180511, guid: 0f2f936fbb41d164682c298db2c881a2,
        type: 3}
      propertyPath: m_LocalPosition.z
      value: 0
      objectReference: {fileID: 0}
    - target: {fileID: 2960811990388180511, guid: 0f2f936fbb41d164682c298db2c881a2,
        type: 3}
      propertyPath: m_LocalRotation.x
      value: 0
      objectReference: {fileID: 0}
    - target: {fileID: 2960811990388180511, guid: 0f2f936fbb41d164682c298db2c881a2,
        type: 3}
      propertyPath: m_LocalRotation.y
      value: 0
      objectReference: {fileID: 0}
    - target: {fileID: 2960811990388180511, guid: 0f2f936fbb41d164682c298db2c881a2,
        type: 3}
      propertyPath: m_LocalRotation.z
      value: 0
      objectReference: {fileID: 0}
    - target: {fileID: 2960811990388180511, guid: 0f2f936fbb41d164682c298db2c881a2,
        type: 3}
      propertyPath: m_LocalRotation.w
      value: 1
      objectReference: {fileID: 0}
    - target: {fileID: 2960811990388180511, guid: 0f2f936fbb41d164682c298db2c881a2,
        type: 3}
      propertyPath: m_RootOrder
      value: 3
      objectReference: {fileID: 0}
    - target: {fileID: 2960811990388180511, guid: 0f2f936fbb41d164682c298db2c881a2,
        type: 3}
      propertyPath: m_LocalEulerAnglesHint.x
      value: 0
      objectReference: {fileID: 0}
    - target: {fileID: 2960811990388180511, guid: 0f2f936fbb41d164682c298db2c881a2,
        type: 3}
      propertyPath: m_LocalEulerAnglesHint.y
      value: 0
      objectReference: {fileID: 0}
    - target: {fileID: 2960811990388180511, guid: 0f2f936fbb41d164682c298db2c881a2,
        type: 3}
      propertyPath: m_LocalEulerAnglesHint.z
      value: 0
      objectReference: {fileID: 0}
    m_RemovedComponents: []
  m_SourcePrefab: {fileID: 100100000, guid: 0f2f936fbb41d164682c298db2c881a2, type: 3}
--- !u!1001 &523758638
PrefabInstance:
  m_ObjectHideFlags: 0
  serializedVersion: 2
  m_Modification:
    m_TransformParent: {fileID: 222522904}
    m_Modifications:
    - target: {fileID: 3567346227379164377, guid: 831656e4ff86c9e47aae767a6e6bb9e2,
        type: 3}
      propertyPath: m_Name
      value: Floor (5)
      objectReference: {fileID: 0}
    - target: {fileID: 3567346227379164377, guid: 831656e4ff86c9e47aae767a6e6bb9e2,
        type: 3}
      propertyPath: m_Layer
      value: 20
      objectReference: {fileID: 0}
    - target: {fileID: 5108402724392062886, guid: 831656e4ff86c9e47aae767a6e6bb9e2,
        type: 3}
      propertyPath: m_LocalPosition.x
      value: 4.65
      objectReference: {fileID: 0}
    - target: {fileID: 5108402724392062886, guid: 831656e4ff86c9e47aae767a6e6bb9e2,
        type: 3}
      propertyPath: m_LocalPosition.y
      value: -4.99
      objectReference: {fileID: 0}
    - target: {fileID: 5108402724392062886, guid: 831656e4ff86c9e47aae767a6e6bb9e2,
        type: 3}
      propertyPath: m_LocalPosition.z
      value: 0
      objectReference: {fileID: 0}
    - target: {fileID: 5108402724392062886, guid: 831656e4ff86c9e47aae767a6e6bb9e2,
        type: 3}
      propertyPath: m_LocalRotation.x
      value: 0
      objectReference: {fileID: 0}
    - target: {fileID: 5108402724392062886, guid: 831656e4ff86c9e47aae767a6e6bb9e2,
        type: 3}
      propertyPath: m_LocalRotation.y
      value: 0
      objectReference: {fileID: 0}
    - target: {fileID: 5108402724392062886, guid: 831656e4ff86c9e47aae767a6e6bb9e2,
        type: 3}
      propertyPath: m_LocalRotation.z
      value: 0
      objectReference: {fileID: 0}
    - target: {fileID: 5108402724392062886, guid: 831656e4ff86c9e47aae767a6e6bb9e2,
        type: 3}
      propertyPath: m_LocalRotation.w
      value: 1
      objectReference: {fileID: 0}
    - target: {fileID: 5108402724392062886, guid: 831656e4ff86c9e47aae767a6e6bb9e2,
        type: 3}
      propertyPath: m_RootOrder
      value: 5
      objectReference: {fileID: 0}
    - target: {fileID: 5108402724392062886, guid: 831656e4ff86c9e47aae767a6e6bb9e2,
        type: 3}
      propertyPath: m_LocalEulerAnglesHint.x
      value: 0
      objectReference: {fileID: 0}
    - target: {fileID: 5108402724392062886, guid: 831656e4ff86c9e47aae767a6e6bb9e2,
        type: 3}
      propertyPath: m_LocalEulerAnglesHint.y
      value: 0
      objectReference: {fileID: 0}
    - target: {fileID: 5108402724392062886, guid: 831656e4ff86c9e47aae767a6e6bb9e2,
        type: 3}
      propertyPath: m_LocalEulerAnglesHint.z
      value: 0
      objectReference: {fileID: 0}
    m_RemovedComponents: []
  m_SourcePrefab: {fileID: 100100000, guid: 831656e4ff86c9e47aae767a6e6bb9e2, type: 3}
--- !u!4 &523758639 stripped
Transform:
  m_CorrespondingSourceObject: {fileID: 5108402724392062886, guid: 831656e4ff86c9e47aae767a6e6bb9e2,
    type: 3}
  m_PrefabInstance: {fileID: 523758638}
  m_PrefabAsset: {fileID: 0}
--- !u!1001 &569135319
PrefabInstance:
  m_ObjectHideFlags: 0
  serializedVersion: 2
  m_Modification:
    m_TransformParent: {fileID: 222522904}
    m_Modifications:
    - target: {fileID: 3567346227379164377, guid: 831656e4ff86c9e47aae767a6e6bb9e2,
        type: 3}
      propertyPath: m_Name
      value: Floor (15)
      objectReference: {fileID: 0}
    - target: {fileID: 3567346227379164377, guid: 831656e4ff86c9e47aae767a6e6bb9e2,
        type: 3}
      propertyPath: m_Layer
      value: 20
      objectReference: {fileID: 0}
    - target: {fileID: 5108402724392062886, guid: 831656e4ff86c9e47aae767a6e6bb9e2,
        type: 3}
      propertyPath: m_LocalPosition.x
      value: -5.09
      objectReference: {fileID: 0}
    - target: {fileID: 5108402724392062886, guid: 831656e4ff86c9e47aae767a6e6bb9e2,
        type: 3}
      propertyPath: m_LocalPosition.y
      value: -4.99
      objectReference: {fileID: 0}
    - target: {fileID: 5108402724392062886, guid: 831656e4ff86c9e47aae767a6e6bb9e2,
        type: 3}
      propertyPath: m_LocalPosition.z
      value: 0
      objectReference: {fileID: 0}
    - target: {fileID: 5108402724392062886, guid: 831656e4ff86c9e47aae767a6e6bb9e2,
        type: 3}
      propertyPath: m_LocalRotation.x
      value: 0
      objectReference: {fileID: 0}
    - target: {fileID: 5108402724392062886, guid: 831656e4ff86c9e47aae767a6e6bb9e2,
        type: 3}
      propertyPath: m_LocalRotation.y
      value: 0
      objectReference: {fileID: 0}
    - target: {fileID: 5108402724392062886, guid: 831656e4ff86c9e47aae767a6e6bb9e2,
        type: 3}
      propertyPath: m_LocalRotation.z
      value: 0
      objectReference: {fileID: 0}
    - target: {fileID: 5108402724392062886, guid: 831656e4ff86c9e47aae767a6e6bb9e2,
        type: 3}
      propertyPath: m_LocalRotation.w
      value: 1
      objectReference: {fileID: 0}
    - target: {fileID: 5108402724392062886, guid: 831656e4ff86c9e47aae767a6e6bb9e2,
        type: 3}
      propertyPath: m_RootOrder
      value: 15
      objectReference: {fileID: 0}
    - target: {fileID: 5108402724392062886, guid: 831656e4ff86c9e47aae767a6e6bb9e2,
        type: 3}
      propertyPath: m_LocalEulerAnglesHint.x
      value: 0
      objectReference: {fileID: 0}
    - target: {fileID: 5108402724392062886, guid: 831656e4ff86c9e47aae767a6e6bb9e2,
        type: 3}
      propertyPath: m_LocalEulerAnglesHint.y
      value: 0
      objectReference: {fileID: 0}
    - target: {fileID: 5108402724392062886, guid: 831656e4ff86c9e47aae767a6e6bb9e2,
        type: 3}
      propertyPath: m_LocalEulerAnglesHint.z
      value: 0
      objectReference: {fileID: 0}
    m_RemovedComponents: []
  m_SourcePrefab: {fileID: 100100000, guid: 831656e4ff86c9e47aae767a6e6bb9e2, type: 3}
--- !u!4 &569135320 stripped
Transform:
  m_CorrespondingSourceObject: {fileID: 5108402724392062886, guid: 831656e4ff86c9e47aae767a6e6bb9e2,
    type: 3}
  m_PrefabInstance: {fileID: 569135319}
  m_PrefabAsset: {fileID: 0}
--- !u!1001 &636959932
PrefabInstance:
  m_ObjectHideFlags: 0
  serializedVersion: 2
  m_Modification:
    m_TransformParent: {fileID: 222522904}
    m_Modifications:
    - target: {fileID: 3567346227379164377, guid: 831656e4ff86c9e47aae767a6e6bb9e2,
        type: 3}
      propertyPath: m_Name
      value: Floor (7)
      objectReference: {fileID: 0}
    - target: {fileID: 3567346227379164377, guid: 831656e4ff86c9e47aae767a6e6bb9e2,
        type: 3}
      propertyPath: m_Layer
      value: 20
      objectReference: {fileID: 0}
    - target: {fileID: 5108402724392062886, guid: 831656e4ff86c9e47aae767a6e6bb9e2,
        type: 3}
      propertyPath: m_LocalPosition.x
      value: 6.63
      objectReference: {fileID: 0}
    - target: {fileID: 5108402724392062886, guid: 831656e4ff86c9e47aae767a6e6bb9e2,
        type: 3}
      propertyPath: m_LocalPosition.y
      value: -4.99
      objectReference: {fileID: 0}
    - target: {fileID: 5108402724392062886, guid: 831656e4ff86c9e47aae767a6e6bb9e2,
        type: 3}
      propertyPath: m_LocalPosition.z
      value: 0
      objectReference: {fileID: 0}
    - target: {fileID: 5108402724392062886, guid: 831656e4ff86c9e47aae767a6e6bb9e2,
        type: 3}
      propertyPath: m_LocalRotation.x
      value: 0
      objectReference: {fileID: 0}
    - target: {fileID: 5108402724392062886, guid: 831656e4ff86c9e47aae767a6e6bb9e2,
        type: 3}
      propertyPath: m_LocalRotation.y
      value: 0
      objectReference: {fileID: 0}
    - target: {fileID: 5108402724392062886, guid: 831656e4ff86c9e47aae767a6e6bb9e2,
        type: 3}
      propertyPath: m_LocalRotation.z
      value: 0
      objectReference: {fileID: 0}
    - target: {fileID: 5108402724392062886, guid: 831656e4ff86c9e47aae767a6e6bb9e2,
        type: 3}
      propertyPath: m_LocalRotation.w
      value: 1
      objectReference: {fileID: 0}
    - target: {fileID: 5108402724392062886, guid: 831656e4ff86c9e47aae767a6e6bb9e2,
        type: 3}
      propertyPath: m_RootOrder
      value: 7
      objectReference: {fileID: 0}
    - target: {fileID: 5108402724392062886, guid: 831656e4ff86c9e47aae767a6e6bb9e2,
        type: 3}
      propertyPath: m_LocalEulerAnglesHint.x
      value: 0
      objectReference: {fileID: 0}
    - target: {fileID: 5108402724392062886, guid: 831656e4ff86c9e47aae767a6e6bb9e2,
        type: 3}
      propertyPath: m_LocalEulerAnglesHint.y
      value: 0
      objectReference: {fileID: 0}
    - target: {fileID: 5108402724392062886, guid: 831656e4ff86c9e47aae767a6e6bb9e2,
        type: 3}
      propertyPath: m_LocalEulerAnglesHint.z
      value: 0
      objectReference: {fileID: 0}
    m_RemovedComponents: []
  m_SourcePrefab: {fileID: 100100000, guid: 831656e4ff86c9e47aae767a6e6bb9e2, type: 3}
--- !u!4 &636959933 stripped
Transform:
  m_CorrespondingSourceObject: {fileID: 5108402724392062886, guid: 831656e4ff86c9e47aae767a6e6bb9e2,
    type: 3}
  m_PrefabInstance: {fileID: 636959932}
  m_PrefabAsset: {fileID: 0}
--- !u!1001 &765084347
PrefabInstance:
  m_ObjectHideFlags: 0
  serializedVersion: 2
  m_Modification:
    m_TransformParent: {fileID: 222522904}
    m_Modifications:
    - target: {fileID: 3567346227379164377, guid: 831656e4ff86c9e47aae767a6e6bb9e2,
        type: 3}
      propertyPath: m_Name
      value: Floor (6)
      objectReference: {fileID: 0}
    - target: {fileID: 3567346227379164377, guid: 831656e4ff86c9e47aae767a6e6bb9e2,
        type: 3}
      propertyPath: m_Layer
      value: 20
      objectReference: {fileID: 0}
    - target: {fileID: 5108402724392062886, guid: 831656e4ff86c9e47aae767a6e6bb9e2,
        type: 3}
      propertyPath: m_LocalPosition.x
      value: 5.64
      objectReference: {fileID: 0}
    - target: {fileID: 5108402724392062886, guid: 831656e4ff86c9e47aae767a6e6bb9e2,
        type: 3}
      propertyPath: m_LocalPosition.y
      value: -4.99
      objectReference: {fileID: 0}
    - target: {fileID: 5108402724392062886, guid: 831656e4ff86c9e47aae767a6e6bb9e2,
        type: 3}
      propertyPath: m_LocalPosition.z
      value: 0
      objectReference: {fileID: 0}
    - target: {fileID: 5108402724392062886, guid: 831656e4ff86c9e47aae767a6e6bb9e2,
        type: 3}
      propertyPath: m_LocalRotation.x
      value: 0
      objectReference: {fileID: 0}
    - target: {fileID: 5108402724392062886, guid: 831656e4ff86c9e47aae767a6e6bb9e2,
        type: 3}
      propertyPath: m_LocalRotation.y
      value: 0
      objectReference: {fileID: 0}
    - target: {fileID: 5108402724392062886, guid: 831656e4ff86c9e47aae767a6e6bb9e2,
        type: 3}
      propertyPath: m_LocalRotation.z
      value: 0
      objectReference: {fileID: 0}
    - target: {fileID: 5108402724392062886, guid: 831656e4ff86c9e47aae767a6e6bb9e2,
        type: 3}
      propertyPath: m_LocalRotation.w
      value: 1
      objectReference: {fileID: 0}
    - target: {fileID: 5108402724392062886, guid: 831656e4ff86c9e47aae767a6e6bb9e2,
        type: 3}
      propertyPath: m_RootOrder
      value: 6
      objectReference: {fileID: 0}
    - target: {fileID: 5108402724392062886, guid: 831656e4ff86c9e47aae767a6e6bb9e2,
        type: 3}
      propertyPath: m_LocalEulerAnglesHint.x
      value: 0
      objectReference: {fileID: 0}
    - target: {fileID: 5108402724392062886, guid: 831656e4ff86c9e47aae767a6e6bb9e2,
        type: 3}
      propertyPath: m_LocalEulerAnglesHint.y
      value: 0
      objectReference: {fileID: 0}
    - target: {fileID: 5108402724392062886, guid: 831656e4ff86c9e47aae767a6e6bb9e2,
        type: 3}
      propertyPath: m_LocalEulerAnglesHint.z
      value: 0
      objectReference: {fileID: 0}
    m_RemovedComponents: []
  m_SourcePrefab: {fileID: 100100000, guid: 831656e4ff86c9e47aae767a6e6bb9e2, type: 3}
--- !u!4 &765084348 stripped
Transform:
  m_CorrespondingSourceObject: {fileID: 5108402724392062886, guid: 831656e4ff86c9e47aae767a6e6bb9e2,
    type: 3}
  m_PrefabInstance: {fileID: 765084347}
  m_PrefabAsset: {fileID: 0}
--- !u!1001 &820091807
PrefabInstance:
  m_ObjectHideFlags: 0
  serializedVersion: 2
  m_Modification:
    m_TransformParent: {fileID: 222522904}
    m_Modifications:
    - target: {fileID: 3567346227379164377, guid: 831656e4ff86c9e47aae767a6e6bb9e2,
        type: 3}
      propertyPath: m_Name
      value: Floor (13)
      objectReference: {fileID: 0}
    - target: {fileID: 3567346227379164377, guid: 831656e4ff86c9e47aae767a6e6bb9e2,
        type: 3}
      propertyPath: m_Layer
      value: 20
      objectReference: {fileID: 0}
    - target: {fileID: 5108402724392062886, guid: 831656e4ff86c9e47aae767a6e6bb9e2,
        type: 3}
      propertyPath: m_LocalPosition.x
      value: -3.15
      objectReference: {fileID: 0}
    - target: {fileID: 5108402724392062886, guid: 831656e4ff86c9e47aae767a6e6bb9e2,
        type: 3}
      propertyPath: m_LocalPosition.y
      value: -4.99
      objectReference: {fileID: 0}
    - target: {fileID: 5108402724392062886, guid: 831656e4ff86c9e47aae767a6e6bb9e2,
        type: 3}
      propertyPath: m_LocalPosition.z
      value: 0
      objectReference: {fileID: 0}
    - target: {fileID: 5108402724392062886, guid: 831656e4ff86c9e47aae767a6e6bb9e2,
        type: 3}
      propertyPath: m_LocalRotation.x
      value: 0
      objectReference: {fileID: 0}
    - target: {fileID: 5108402724392062886, guid: 831656e4ff86c9e47aae767a6e6bb9e2,
        type: 3}
      propertyPath: m_LocalRotation.y
      value: 0
      objectReference: {fileID: 0}
    - target: {fileID: 5108402724392062886, guid: 831656e4ff86c9e47aae767a6e6bb9e2,
        type: 3}
      propertyPath: m_LocalRotation.z
      value: 0
      objectReference: {fileID: 0}
    - target: {fileID: 5108402724392062886, guid: 831656e4ff86c9e47aae767a6e6bb9e2,
        type: 3}
      propertyPath: m_LocalRotation.w
      value: 1
      objectReference: {fileID: 0}
    - target: {fileID: 5108402724392062886, guid: 831656e4ff86c9e47aae767a6e6bb9e2,
        type: 3}
      propertyPath: m_RootOrder
      value: 13
      objectReference: {fileID: 0}
    - target: {fileID: 5108402724392062886, guid: 831656e4ff86c9e47aae767a6e6bb9e2,
        type: 3}
      propertyPath: m_LocalEulerAnglesHint.x
      value: 0
      objectReference: {fileID: 0}
    - target: {fileID: 5108402724392062886, guid: 831656e4ff86c9e47aae767a6e6bb9e2,
        type: 3}
      propertyPath: m_LocalEulerAnglesHint.y
      value: 0
      objectReference: {fileID: 0}
    - target: {fileID: 5108402724392062886, guid: 831656e4ff86c9e47aae767a6e6bb9e2,
        type: 3}
      propertyPath: m_LocalEulerAnglesHint.z
      value: 0
      objectReference: {fileID: 0}
    m_RemovedComponents: []
  m_SourcePrefab: {fileID: 100100000, guid: 831656e4ff86c9e47aae767a6e6bb9e2, type: 3}
--- !u!4 &820091808 stripped
Transform:
  m_CorrespondingSourceObject: {fileID: 5108402724392062886, guid: 831656e4ff86c9e47aae767a6e6bb9e2,
    type: 3}
  m_PrefabInstance: {fileID: 820091807}
  m_PrefabAsset: {fileID: 0}
--- !u!1001 &1017412609
PrefabInstance:
  m_ObjectHideFlags: 0
  serializedVersion: 2
  m_Modification:
    m_TransformParent: {fileID: 222522904}
    m_Modifications:
    - target: {fileID: 3567346227379164377, guid: 831656e4ff86c9e47aae767a6e6bb9e2,
        type: 3}
      propertyPath: m_Name
      value: Floor (14)
      objectReference: {fileID: 0}
    - target: {fileID: 3567346227379164377, guid: 831656e4ff86c9e47aae767a6e6bb9e2,
        type: 3}
      propertyPath: m_Layer
      value: 20
      objectReference: {fileID: 0}
    - target: {fileID: 5108402724392062886, guid: 831656e4ff86c9e47aae767a6e6bb9e2,
        type: 3}
      propertyPath: m_LocalPosition.x
      value: -4.1
      objectReference: {fileID: 0}
    - target: {fileID: 5108402724392062886, guid: 831656e4ff86c9e47aae767a6e6bb9e2,
        type: 3}
      propertyPath: m_LocalPosition.y
      value: -4.99
      objectReference: {fileID: 0}
    - target: {fileID: 5108402724392062886, guid: 831656e4ff86c9e47aae767a6e6bb9e2,
        type: 3}
      propertyPath: m_LocalPosition.z
      value: 0
      objectReference: {fileID: 0}
    - target: {fileID: 5108402724392062886, guid: 831656e4ff86c9e47aae767a6e6bb9e2,
        type: 3}
      propertyPath: m_LocalRotation.x
      value: 0
      objectReference: {fileID: 0}
    - target: {fileID: 5108402724392062886, guid: 831656e4ff86c9e47aae767a6e6bb9e2,
        type: 3}
      propertyPath: m_LocalRotation.y
      value: 0
      objectReference: {fileID: 0}
    - target: {fileID: 5108402724392062886, guid: 831656e4ff86c9e47aae767a6e6bb9e2,
        type: 3}
      propertyPath: m_LocalRotation.z
      value: 0
      objectReference: {fileID: 0}
    - target: {fileID: 5108402724392062886, guid: 831656e4ff86c9e47aae767a6e6bb9e2,
        type: 3}
      propertyPath: m_LocalRotation.w
      value: 1
      objectReference: {fileID: 0}
    - target: {fileID: 5108402724392062886, guid: 831656e4ff86c9e47aae767a6e6bb9e2,
        type: 3}
      propertyPath: m_RootOrder
      value: 14
      objectReference: {fileID: 0}
    - target: {fileID: 5108402724392062886, guid: 831656e4ff86c9e47aae767a6e6bb9e2,
        type: 3}
      propertyPath: m_LocalEulerAnglesHint.x
      value: 0
      objectReference: {fileID: 0}
    - target: {fileID: 5108402724392062886, guid: 831656e4ff86c9e47aae767a6e6bb9e2,
        type: 3}
      propertyPath: m_LocalEulerAnglesHint.y
      value: 0
      objectReference: {fileID: 0}
    - target: {fileID: 5108402724392062886, guid: 831656e4ff86c9e47aae767a6e6bb9e2,
        type: 3}
      propertyPath: m_LocalEulerAnglesHint.z
      value: 0
      objectReference: {fileID: 0}
    m_RemovedComponents: []
  m_SourcePrefab: {fileID: 100100000, guid: 831656e4ff86c9e47aae767a6e6bb9e2, type: 3}
--- !u!4 &1017412610 stripped
Transform:
  m_CorrespondingSourceObject: {fileID: 5108402724392062886, guid: 831656e4ff86c9e47aae767a6e6bb9e2,
    type: 3}
  m_PrefabInstance: {fileID: 1017412609}
  m_PrefabAsset: {fileID: 0}
--- !u!1001 &1055872082
PrefabInstance:
  m_ObjectHideFlags: 0
  serializedVersion: 2
  m_Modification:
    m_TransformParent: {fileID: 222522904}
    m_Modifications:
    - target: {fileID: 3567346227379164377, guid: 831656e4ff86c9e47aae767a6e6bb9e2,
        type: 3}
      propertyPath: m_Name
      value: Floor (10)
      objectReference: {fileID: 0}
    - target: {fileID: 3567346227379164377, guid: 831656e4ff86c9e47aae767a6e6bb9e2,
        type: 3}
      propertyPath: m_Layer
      value: 20
      objectReference: {fileID: 0}
    - target: {fileID: 5108402724392062886, guid: 831656e4ff86c9e47aae767a6e6bb9e2,
        type: 3}
      propertyPath: m_LocalPosition.x
      value: 8.57
      objectReference: {fileID: 0}
    - target: {fileID: 5108402724392062886, guid: 831656e4ff86c9e47aae767a6e6bb9e2,
        type: 3}
      propertyPath: m_LocalPosition.y
      value: -4.99
      objectReference: {fileID: 0}
    - target: {fileID: 5108402724392062886, guid: 831656e4ff86c9e47aae767a6e6bb9e2,
        type: 3}
      propertyPath: m_LocalPosition.z
      value: 0
      objectReference: {fileID: 0}
    - target: {fileID: 5108402724392062886, guid: 831656e4ff86c9e47aae767a6e6bb9e2,
        type: 3}
      propertyPath: m_LocalRotation.x
      value: 0
      objectReference: {fileID: 0}
    - target: {fileID: 5108402724392062886, guid: 831656e4ff86c9e47aae767a6e6bb9e2,
        type: 3}
      propertyPath: m_LocalRotation.y
      value: 0
      objectReference: {fileID: 0}
    - target: {fileID: 5108402724392062886, guid: 831656e4ff86c9e47aae767a6e6bb9e2,
        type: 3}
      propertyPath: m_LocalRotation.z
      value: 0
      objectReference: {fileID: 0}
    - target: {fileID: 5108402724392062886, guid: 831656e4ff86c9e47aae767a6e6bb9e2,
        type: 3}
      propertyPath: m_LocalRotation.w
      value: 1
      objectReference: {fileID: 0}
    - target: {fileID: 5108402724392062886, guid: 831656e4ff86c9e47aae767a6e6bb9e2,
        type: 3}
      propertyPath: m_RootOrder
      value: 10
      objectReference: {fileID: 0}
    - target: {fileID: 5108402724392062886, guid: 831656e4ff86c9e47aae767a6e6bb9e2,
        type: 3}
      propertyPath: m_LocalEulerAnglesHint.x
      value: 0
      objectReference: {fileID: 0}
    - target: {fileID: 5108402724392062886, guid: 831656e4ff86c9e47aae767a6e6bb9e2,
        type: 3}
      propertyPath: m_LocalEulerAnglesHint.y
      value: 0
      objectReference: {fileID: 0}
    - target: {fileID: 5108402724392062886, guid: 831656e4ff86c9e47aae767a6e6bb9e2,
        type: 3}
      propertyPath: m_LocalEulerAnglesHint.z
      value: 0
      objectReference: {fileID: 0}
    m_RemovedComponents: []
  m_SourcePrefab: {fileID: 100100000, guid: 831656e4ff86c9e47aae767a6e6bb9e2, type: 3}
--- !u!4 &1055872083 stripped
Transform:
  m_CorrespondingSourceObject: {fileID: 5108402724392062886, guid: 831656e4ff86c9e47aae767a6e6bb9e2,
    type: 3}
  m_PrefabInstance: {fileID: 1055872082}
  m_PrefabAsset: {fileID: 0}
--- !u!1001 &1063411000
PrefabInstance:
  m_ObjectHideFlags: 0
  serializedVersion: 2
  m_Modification:
    m_TransformParent: {fileID: 222522904}
    m_Modifications:
    - target: {fileID: 3567346227379164377, guid: 831656e4ff86c9e47aae767a6e6bb9e2,
        type: 3}
      propertyPath: m_Name
      value: Floor (18)
      objectReference: {fileID: 0}
    - target: {fileID: 3567346227379164377, guid: 831656e4ff86c9e47aae767a6e6bb9e2,
        type: 3}
      propertyPath: m_Layer
      value: 20
      objectReference: {fileID: 0}
    - target: {fileID: 5108402724392062886, guid: 831656e4ff86c9e47aae767a6e6bb9e2,
        type: 3}
      propertyPath: m_LocalPosition.x
      value: -8
      objectReference: {fileID: 0}
    - target: {fileID: 5108402724392062886, guid: 831656e4ff86c9e47aae767a6e6bb9e2,
        type: 3}
      propertyPath: m_LocalPosition.y
      value: -4.99
      objectReference: {fileID: 0}
    - target: {fileID: 5108402724392062886, guid: 831656e4ff86c9e47aae767a6e6bb9e2,
        type: 3}
      propertyPath: m_LocalPosition.z
      value: 0
      objectReference: {fileID: 0}
    - target: {fileID: 5108402724392062886, guid: 831656e4ff86c9e47aae767a6e6bb9e2,
        type: 3}
      propertyPath: m_LocalRotation.x
      value: 0
      objectReference: {fileID: 0}
    - target: {fileID: 5108402724392062886, guid: 831656e4ff86c9e47aae767a6e6bb9e2,
        type: 3}
      propertyPath: m_LocalRotation.y
      value: 0
      objectReference: {fileID: 0}
    - target: {fileID: 5108402724392062886, guid: 831656e4ff86c9e47aae767a6e6bb9e2,
        type: 3}
      propertyPath: m_LocalRotation.z
      value: 0
      objectReference: {fileID: 0}
    - target: {fileID: 5108402724392062886, guid: 831656e4ff86c9e47aae767a6e6bb9e2,
        type: 3}
      propertyPath: m_LocalRotation.w
      value: 1
      objectReference: {fileID: 0}
    - target: {fileID: 5108402724392062886, guid: 831656e4ff86c9e47aae767a6e6bb9e2,
        type: 3}
      propertyPath: m_RootOrder
      value: 18
      objectReference: {fileID: 0}
    - target: {fileID: 5108402724392062886, guid: 831656e4ff86c9e47aae767a6e6bb9e2,
        type: 3}
      propertyPath: m_LocalEulerAnglesHint.x
      value: 0
      objectReference: {fileID: 0}
    - target: {fileID: 5108402724392062886, guid: 831656e4ff86c9e47aae767a6e6bb9e2,
        type: 3}
      propertyPath: m_LocalEulerAnglesHint.y
      value: 0
      objectReference: {fileID: 0}
    - target: {fileID: 5108402724392062886, guid: 831656e4ff86c9e47aae767a6e6bb9e2,
        type: 3}
      propertyPath: m_LocalEulerAnglesHint.z
      value: 0
      objectReference: {fileID: 0}
    m_RemovedComponents: []
  m_SourcePrefab: {fileID: 100100000, guid: 831656e4ff86c9e47aae767a6e6bb9e2, type: 3}
--- !u!4 &1063411001 stripped
Transform:
  m_CorrespondingSourceObject: {fileID: 5108402724392062886, guid: 831656e4ff86c9e47aae767a6e6bb9e2,
    type: 3}
  m_PrefabInstance: {fileID: 1063411000}
  m_PrefabAsset: {fileID: 0}
--- !u!1001 &1506498081
PrefabInstance:
  m_ObjectHideFlags: 0
  serializedVersion: 2
  m_Modification:
    m_TransformParent: {fileID: 222522904}
    m_Modifications:
    - target: {fileID: 3567346227379164377, guid: 831656e4ff86c9e47aae767a6e6bb9e2,
        type: 3}
      propertyPath: m_Name
      value: Floor (19)
      objectReference: {fileID: 0}
    - target: {fileID: 3567346227379164377, guid: 831656e4ff86c9e47aae767a6e6bb9e2,
        type: 3}
      propertyPath: m_Layer
      value: 20
      objectReference: {fileID: 0}
    - target: {fileID: 5108402724392062886, guid: 831656e4ff86c9e47aae767a6e6bb9e2,
        type: 3}
      propertyPath: m_LocalPosition.x
      value: -8.97
      objectReference: {fileID: 0}
    - target: {fileID: 5108402724392062886, guid: 831656e4ff86c9e47aae767a6e6bb9e2,
        type: 3}
      propertyPath: m_LocalPosition.y
      value: -4.99
      objectReference: {fileID: 0}
    - target: {fileID: 5108402724392062886, guid: 831656e4ff86c9e47aae767a6e6bb9e2,
        type: 3}
      propertyPath: m_LocalPosition.z
      value: 0
      objectReference: {fileID: 0}
    - target: {fileID: 5108402724392062886, guid: 831656e4ff86c9e47aae767a6e6bb9e2,
        type: 3}
      propertyPath: m_LocalRotation.x
      value: 0
      objectReference: {fileID: 0}
    - target: {fileID: 5108402724392062886, guid: 831656e4ff86c9e47aae767a6e6bb9e2,
        type: 3}
      propertyPath: m_LocalRotation.y
      value: 0
      objectReference: {fileID: 0}
    - target: {fileID: 5108402724392062886, guid: 831656e4ff86c9e47aae767a6e6bb9e2,
        type: 3}
      propertyPath: m_LocalRotation.z
      value: 0
      objectReference: {fileID: 0}
    - target: {fileID: 5108402724392062886, guid: 831656e4ff86c9e47aae767a6e6bb9e2,
        type: 3}
      propertyPath: m_LocalRotation.w
      value: 1
      objectReference: {fileID: 0}
    - target: {fileID: 5108402724392062886, guid: 831656e4ff86c9e47aae767a6e6bb9e2,
        type: 3}
      propertyPath: m_RootOrder
      value: 19
      objectReference: {fileID: 0}
    - target: {fileID: 5108402724392062886, guid: 831656e4ff86c9e47aae767a6e6bb9e2,
        type: 3}
      propertyPath: m_LocalEulerAnglesHint.x
      value: 0
      objectReference: {fileID: 0}
    - target: {fileID: 5108402724392062886, guid: 831656e4ff86c9e47aae767a6e6bb9e2,
        type: 3}
      propertyPath: m_LocalEulerAnglesHint.y
      value: 0
      objectReference: {fileID: 0}
    - target: {fileID: 5108402724392062886, guid: 831656e4ff86c9e47aae767a6e6bb9e2,
        type: 3}
      propertyPath: m_LocalEulerAnglesHint.z
      value: 0
      objectReference: {fileID: 0}
    m_RemovedComponents: []
  m_SourcePrefab: {fileID: 100100000, guid: 831656e4ff86c9e47aae767a6e6bb9e2, type: 3}
--- !u!4 &1506498082 stripped
Transform:
  m_CorrespondingSourceObject: {fileID: 5108402724392062886, guid: 831656e4ff86c9e47aae767a6e6bb9e2,
    type: 3}
  m_PrefabInstance: {fileID: 1506498081}
  m_PrefabAsset: {fileID: 0}
--- !u!1001 &1680574211
PrefabInstance:
  m_ObjectHideFlags: 0
  serializedVersion: 2
  m_Modification:
    m_TransformParent: {fileID: 222522904}
    m_Modifications:
    - target: {fileID: 3567346227379164377, guid: 831656e4ff86c9e47aae767a6e6bb9e2,
        type: 3}
      propertyPath: m_Name
      value: Floor (8)
      objectReference: {fileID: 0}
    - target: {fileID: 3567346227379164377, guid: 831656e4ff86c9e47aae767a6e6bb9e2,
        type: 3}
      propertyPath: m_Layer
      value: 20
      objectReference: {fileID: 0}
    - target: {fileID: 5108402724392062886, guid: 831656e4ff86c9e47aae767a6e6bb9e2,
        type: 3}
      propertyPath: m_LocalPosition.x
      value: 7.62
      objectReference: {fileID: 0}
    - target: {fileID: 5108402724392062886, guid: 831656e4ff86c9e47aae767a6e6bb9e2,
        type: 3}
      propertyPath: m_LocalPosition.y
      value: -4.99
      objectReference: {fileID: 0}
    - target: {fileID: 5108402724392062886, guid: 831656e4ff86c9e47aae767a6e6bb9e2,
        type: 3}
      propertyPath: m_LocalPosition.z
      value: 0
      objectReference: {fileID: 0}
    - target: {fileID: 5108402724392062886, guid: 831656e4ff86c9e47aae767a6e6bb9e2,
        type: 3}
      propertyPath: m_LocalRotation.x
      value: 0
      objectReference: {fileID: 0}
    - target: {fileID: 5108402724392062886, guid: 831656e4ff86c9e47aae767a6e6bb9e2,
        type: 3}
      propertyPath: m_LocalRotation.y
      value: 0
      objectReference: {fileID: 0}
    - target: {fileID: 5108402724392062886, guid: 831656e4ff86c9e47aae767a6e6bb9e2,
        type: 3}
      propertyPath: m_LocalRotation.z
      value: 0
      objectReference: {fileID: 0}
    - target: {fileID: 5108402724392062886, guid: 831656e4ff86c9e47aae767a6e6bb9e2,
        type: 3}
      propertyPath: m_LocalRotation.w
      value: 1
      objectReference: {fileID: 0}
    - target: {fileID: 5108402724392062886, guid: 831656e4ff86c9e47aae767a6e6bb9e2,
        type: 3}
      propertyPath: m_RootOrder
      value: 8
      objectReference: {fileID: 0}
    - target: {fileID: 5108402724392062886, guid: 831656e4ff86c9e47aae767a6e6bb9e2,
        type: 3}
      propertyPath: m_LocalEulerAnglesHint.x
      value: 0
      objectReference: {fileID: 0}
    - target: {fileID: 5108402724392062886, guid: 831656e4ff86c9e47aae767a6e6bb9e2,
        type: 3}
      propertyPath: m_LocalEulerAnglesHint.y
      value: 0
      objectReference: {fileID: 0}
    - target: {fileID: 5108402724392062886, guid: 831656e4ff86c9e47aae767a6e6bb9e2,
        type: 3}
      propertyPath: m_LocalEulerAnglesHint.z
      value: 0
      objectReference: {fileID: 0}
    m_RemovedComponents: []
  m_SourcePrefab: {fileID: 100100000, guid: 831656e4ff86c9e47aae767a6e6bb9e2, type: 3}
--- !u!4 &1680574212 stripped
Transform:
  m_CorrespondingSourceObject: {fileID: 5108402724392062886, guid: 831656e4ff86c9e47aae767a6e6bb9e2,
    type: 3}
  m_PrefabInstance: {fileID: 1680574211}
  m_PrefabAsset: {fileID: 0}
--- !u!1001 &1762308307
PrefabInstance:
  m_ObjectHideFlags: 0
  serializedVersion: 2
  m_Modification:
    m_TransformParent: {fileID: 222522904}
    m_Modifications:
    - target: {fileID: 3567346227379164377, guid: 831656e4ff86c9e47aae767a6e6bb9e2,
        type: 3}
      propertyPath: m_Name
      value: Floor
      objectReference: {fileID: 0}
    - target: {fileID: 3567346227379164377, guid: 831656e4ff86c9e47aae767a6e6bb9e2,
        type: 3}
      propertyPath: m_Layer
      value: 20
      objectReference: {fileID: 0}
    - target: {fileID: 5108402724392062886, guid: 831656e4ff86c9e47aae767a6e6bb9e2,
        type: 3}
      propertyPath: m_LocalPosition.x
      value: -0.22
      objectReference: {fileID: 0}
    - target: {fileID: 5108402724392062886, guid: 831656e4ff86c9e47aae767a6e6bb9e2,
        type: 3}
      propertyPath: m_LocalPosition.y
      value: -4.99
      objectReference: {fileID: 0}
    - target: {fileID: 5108402724392062886, guid: 831656e4ff86c9e47aae767a6e6bb9e2,
        type: 3}
      propertyPath: m_LocalPosition.z
      value: 0
      objectReference: {fileID: 0}
    - target: {fileID: 5108402724392062886, guid: 831656e4ff86c9e47aae767a6e6bb9e2,
        type: 3}
      propertyPath: m_LocalRotation.x
      value: 0
      objectReference: {fileID: 0}
    - target: {fileID: 5108402724392062886, guid: 831656e4ff86c9e47aae767a6e6bb9e2,
        type: 3}
      propertyPath: m_LocalRotation.y
      value: 0
      objectReference: {fileID: 0}
    - target: {fileID: 5108402724392062886, guid: 831656e4ff86c9e47aae767a6e6bb9e2,
        type: 3}
      propertyPath: m_LocalRotation.z
      value: 0
      objectReference: {fileID: 0}
    - target: {fileID: 5108402724392062886, guid: 831656e4ff86c9e47aae767a6e6bb9e2,
        type: 3}
      propertyPath: m_LocalRotation.w
      value: 1
      objectReference: {fileID: 0}
    - target: {fileID: 5108402724392062886, guid: 831656e4ff86c9e47aae767a6e6bb9e2,
        type: 3}
      propertyPath: m_RootOrder
      value: 0
      objectReference: {fileID: 0}
    - target: {fileID: 5108402724392062886, guid: 831656e4ff86c9e47aae767a6e6bb9e2,
        type: 3}
      propertyPath: m_LocalEulerAnglesHint.x
      value: 0
      objectReference: {fileID: 0}
    - target: {fileID: 5108402724392062886, guid: 831656e4ff86c9e47aae767a6e6bb9e2,
        type: 3}
      propertyPath: m_LocalEulerAnglesHint.y
      value: 0
      objectReference: {fileID: 0}
    - target: {fileID: 5108402724392062886, guid: 831656e4ff86c9e47aae767a6e6bb9e2,
        type: 3}
      propertyPath: m_LocalEulerAnglesHint.z
      value: 0
      objectReference: {fileID: 0}
    m_RemovedComponents: []
  m_SourcePrefab: {fileID: 100100000, guid: 831656e4ff86c9e47aae767a6e6bb9e2, type: 3}
--- !u!4 &1762308308 stripped
Transform:
  m_CorrespondingSourceObject: {fileID: 5108402724392062886, guid: 831656e4ff86c9e47aae767a6e6bb9e2,
    type: 3}
  m_PrefabInstance: {fileID: 1762308307}
  m_PrefabAsset: {fileID: 0}
--- !u!1001 &1811485913
PrefabInstance:
  m_ObjectHideFlags: 0
  serializedVersion: 2
  m_Modification:
    m_TransformParent: {fileID: 222522904}
    m_Modifications:
    - target: {fileID: 3567346227379164377, guid: 831656e4ff86c9e47aae767a6e6bb9e2,
        type: 3}
      propertyPath: m_Name
      value: Floor (16)
      objectReference: {fileID: 0}
    - target: {fileID: 3567346227379164377, guid: 831656e4ff86c9e47aae767a6e6bb9e2,
        type: 3}
      propertyPath: m_Layer
      value: 20
      objectReference: {fileID: 0}
    - target: {fileID: 5108402724392062886, guid: 831656e4ff86c9e47aae767a6e6bb9e2,
        type: 3}
      propertyPath: m_LocalPosition.x
      value: -6.08
      objectReference: {fileID: 0}
    - target: {fileID: 5108402724392062886, guid: 831656e4ff86c9e47aae767a6e6bb9e2,
        type: 3}
      propertyPath: m_LocalPosition.y
      value: -4.99
      objectReference: {fileID: 0}
    - target: {fileID: 5108402724392062886, guid: 831656e4ff86c9e47aae767a6e6bb9e2,
        type: 3}
      propertyPath: m_LocalPosition.z
      value: 0
      objectReference: {fileID: 0}
    - target: {fileID: 5108402724392062886, guid: 831656e4ff86c9e47aae767a6e6bb9e2,
        type: 3}
      propertyPath: m_LocalRotation.x
      value: 0
      objectReference: {fileID: 0}
    - target: {fileID: 5108402724392062886, guid: 831656e4ff86c9e47aae767a6e6bb9e2,
        type: 3}
      propertyPath: m_LocalRotation.y
      value: 0
      objectReference: {fileID: 0}
    - target: {fileID: 5108402724392062886, guid: 831656e4ff86c9e47aae767a6e6bb9e2,
        type: 3}
      propertyPath: m_LocalRotation.z
      value: 0
      objectReference: {fileID: 0}
    - target: {fileID: 5108402724392062886, guid: 831656e4ff86c9e47aae767a6e6bb9e2,
        type: 3}
      propertyPath: m_LocalRotation.w
      value: 1
      objectReference: {fileID: 0}
    - target: {fileID: 5108402724392062886, guid: 831656e4ff86c9e47aae767a6e6bb9e2,
        type: 3}
      propertyPath: m_RootOrder
      value: 16
      objectReference: {fileID: 0}
    - target: {fileID: 5108402724392062886, guid: 831656e4ff86c9e47aae767a6e6bb9e2,
        type: 3}
      propertyPath: m_LocalEulerAnglesHint.x
      value: 0
      objectReference: {fileID: 0}
    - target: {fileID: 5108402724392062886, guid: 831656e4ff86c9e47aae767a6e6bb9e2,
        type: 3}
      propertyPath: m_LocalEulerAnglesHint.y
      value: 0
      objectReference: {fileID: 0}
    - target: {fileID: 5108402724392062886, guid: 831656e4ff86c9e47aae767a6e6bb9e2,
        type: 3}
      propertyPath: m_LocalEulerAnglesHint.z
      value: 0
      objectReference: {fileID: 0}
    m_RemovedComponents: []
  m_SourcePrefab: {fileID: 100100000, guid: 831656e4ff86c9e47aae767a6e6bb9e2, type: 3}
--- !u!4 &1811485914 stripped
Transform:
  m_CorrespondingSourceObject: {fileID: 5108402724392062886, guid: 831656e4ff86c9e47aae767a6e6bb9e2,
    type: 3}
  m_PrefabInstance: {fileID: 1811485913}
  m_PrefabAsset: {fileID: 0}
--- !u!1001 &1849641917
PrefabInstance:
  m_ObjectHideFlags: 0
  serializedVersion: 2
  m_Modification:
    m_TransformParent: {fileID: 222522904}
    m_Modifications:
    - target: {fileID: 3567346227379164377, guid: 831656e4ff86c9e47aae767a6e6bb9e2,
        type: 3}
      propertyPath: m_Name
      value: Floor (2)
      objectReference: {fileID: 0}
    - target: {fileID: 3567346227379164377, guid: 831656e4ff86c9e47aae767a6e6bb9e2,
        type: 3}
      propertyPath: m_Layer
      value: 20
      objectReference: {fileID: 0}
    - target: {fileID: 5108402724392062886, guid: 831656e4ff86c9e47aae767a6e6bb9e2,
        type: 3}
      propertyPath: m_LocalPosition.x
      value: 1.74
      objectReference: {fileID: 0}
    - target: {fileID: 5108402724392062886, guid: 831656e4ff86c9e47aae767a6e6bb9e2,
        type: 3}
      propertyPath: m_LocalPosition.y
      value: -4.99
      objectReference: {fileID: 0}
    - target: {fileID: 5108402724392062886, guid: 831656e4ff86c9e47aae767a6e6bb9e2,
        type: 3}
      propertyPath: m_LocalPosition.z
      value: 0
      objectReference: {fileID: 0}
    - target: {fileID: 5108402724392062886, guid: 831656e4ff86c9e47aae767a6e6bb9e2,
        type: 3}
      propertyPath: m_LocalRotation.x
      value: 0
      objectReference: {fileID: 0}
    - target: {fileID: 5108402724392062886, guid: 831656e4ff86c9e47aae767a6e6bb9e2,
        type: 3}
      propertyPath: m_LocalRotation.y
      value: 0
      objectReference: {fileID: 0}
    - target: {fileID: 5108402724392062886, guid: 831656e4ff86c9e47aae767a6e6bb9e2,
        type: 3}
      propertyPath: m_LocalRotation.z
      value: 0
      objectReference: {fileID: 0}
    - target: {fileID: 5108402724392062886, guid: 831656e4ff86c9e47aae767a6e6bb9e2,
        type: 3}
      propertyPath: m_LocalRotation.w
      value: 1
      objectReference: {fileID: 0}
    - target: {fileID: 5108402724392062886, guid: 831656e4ff86c9e47aae767a6e6bb9e2,
        type: 3}
      propertyPath: m_RootOrder
      value: 2
      objectReference: {fileID: 0}
    - target: {fileID: 5108402724392062886, guid: 831656e4ff86c9e47aae767a6e6bb9e2,
        type: 3}
      propertyPath: m_LocalEulerAnglesHint.x
      value: 0
      objectReference: {fileID: 0}
    - target: {fileID: 5108402724392062886, guid: 831656e4ff86c9e47aae767a6e6bb9e2,
        type: 3}
      propertyPath: m_LocalEulerAnglesHint.y
      value: 0
      objectReference: {fileID: 0}
    - target: {fileID: 5108402724392062886, guid: 831656e4ff86c9e47aae767a6e6bb9e2,
        type: 3}
      propertyPath: m_LocalEulerAnglesHint.z
      value: 0
      objectReference: {fileID: 0}
    m_RemovedComponents: []
  m_SourcePrefab: {fileID: 100100000, guid: 831656e4ff86c9e47aae767a6e6bb9e2, type: 3}
--- !u!4 &1849641918 stripped
Transform:
  m_CorrespondingSourceObject: {fileID: 5108402724392062886, guid: 831656e4ff86c9e47aae767a6e6bb9e2,
    type: 3}
  m_PrefabInstance: {fileID: 1849641917}
  m_PrefabAsset: {fileID: 0}
--- !u!1001 &1888831878
PrefabInstance:
  m_ObjectHideFlags: 0
  serializedVersion: 2
  m_Modification:
    m_TransformParent: {fileID: 0}
    m_Modifications:
    - target: {fileID: 468352621228079945, guid: becf7ebb528ded441a65046520d1e6c3,
        type: 3}
      propertyPath: m_LocalPosition.x
      value: -7.53
      objectReference: {fileID: 0}
    - target: {fileID: 468352621228079945, guid: becf7ebb528ded441a65046520d1e6c3,
        type: 3}
      propertyPath: m_LocalPosition.y
      value: -3.36
      objectReference: {fileID: 0}
    - target: {fileID: 468352621228079945, guid: becf7ebb528ded441a65046520d1e6c3,
        type: 3}
      propertyPath: m_LocalPosition.z
      value: 0
      objectReference: {fileID: 0}
    - target: {fileID: 468352621228079945, guid: becf7ebb528ded441a65046520d1e6c3,
        type: 3}
      propertyPath: m_LocalRotation.x
      value: 0
      objectReference: {fileID: 0}
    - target: {fileID: 468352621228079945, guid: becf7ebb528ded441a65046520d1e6c3,
        type: 3}
      propertyPath: m_LocalRotation.y
      value: 0
      objectReference: {fileID: 0}
    - target: {fileID: 468352621228079945, guid: becf7ebb528ded441a65046520d1e6c3,
        type: 3}
      propertyPath: m_LocalRotation.z
      value: 0
      objectReference: {fileID: 0}
    - target: {fileID: 468352621228079945, guid: becf7ebb528ded441a65046520d1e6c3,
        type: 3}
      propertyPath: m_LocalRotation.w
      value: 1
      objectReference: {fileID: 0}
    - target: {fileID: 468352621228079945, guid: becf7ebb528ded441a65046520d1e6c3,
        type: 3}
      propertyPath: m_RootOrder
      value: 4
      objectReference: {fileID: 0}
    - target: {fileID: 468352621228079945, guid: becf7ebb528ded441a65046520d1e6c3,
        type: 3}
      propertyPath: m_LocalEulerAnglesHint.x
      value: 0
      objectReference: {fileID: 0}
    - target: {fileID: 468352621228079945, guid: becf7ebb528ded441a65046520d1e6c3,
        type: 3}
      propertyPath: m_LocalEulerAnglesHint.y
      value: 0
      objectReference: {fileID: 0}
    - target: {fileID: 468352621228079945, guid: becf7ebb528ded441a65046520d1e6c3,
        type: 3}
      propertyPath: m_LocalEulerAnglesHint.z
      value: 0
      objectReference: {fileID: 0}
    - target: {fileID: 468352621228079950, guid: becf7ebb528ded441a65046520d1e6c3,
        type: 3}
      propertyPath: m_Name
      value: Player
      objectReference: {fileID: 0}
    m_RemovedComponents: []
  m_SourcePrefab: {fileID: 100100000, guid: becf7ebb528ded441a65046520d1e6c3, type: 3}
--- !u!1 &1888831879 stripped
GameObject:
  m_CorrespondingSourceObject: {fileID: 468352621228079950, guid: becf7ebb528ded441a65046520d1e6c3,
    type: 3}
  m_PrefabInstance: {fileID: 1888831878}
  m_PrefabAsset: {fileID: 0}
--- !u!50 &1888831880 stripped
Rigidbody2D:
  m_CorrespondingSourceObject: {fileID: 468352621228079951, guid: becf7ebb528ded441a65046520d1e6c3,
    type: 3}
  m_PrefabInstance: {fileID: 1888831878}
  m_PrefabAsset: {fileID: 0}
--- !u!4 &1888831881 stripped
Transform:
  m_CorrespondingSourceObject: {fileID: 3987033236462072498, guid: becf7ebb528ded441a65046520d1e6c3,
    type: 3}
  m_PrefabInstance: {fileID: 1888831878}
  m_PrefabAsset: {fileID: 0}
--- !u!4 &1888831882 stripped
Transform:
  m_CorrespondingSourceObject: {fileID: 3666599673996199805, guid: becf7ebb528ded441a65046520d1e6c3,
    type: 3}
  m_PrefabInstance: {fileID: 1888831878}
  m_PrefabAsset: {fileID: 0}
--- !u!1 &1888831883 stripped
GameObject:
  m_CorrespondingSourceObject: {fileID: 1526163074145311740, guid: becf7ebb528ded441a65046520d1e6c3,
    type: 3}
  m_PrefabInstance: {fileID: 1888831878}
  m_PrefabAsset: {fileID: 0}
--- !u!1 &1888831884 stripped
GameObject:
  m_CorrespondingSourceObject: {fileID: 468352621953181394, guid: becf7ebb528ded441a65046520d1e6c3,
    type: 3}
  m_PrefabInstance: {fileID: 1888831878}
  m_PrefabAsset: {fileID: 0}
--- !u!1 &1888831885 stripped
GameObject:
  m_CorrespondingSourceObject: {fileID: 468352621465281052, guid: becf7ebb528ded441a65046520d1e6c3,
    type: 3}
  m_PrefabInstance: {fileID: 1888831878}
  m_PrefabAsset: {fileID: 0}
--- !u!1001 &2010975133
PrefabInstance:
  m_ObjectHideFlags: 0
  serializedVersion: 2
  m_Modification:
    m_TransformParent: {fileID: 222522904}
    m_Modifications:
    - target: {fileID: 3567346227379164377, guid: 831656e4ff86c9e47aae767a6e6bb9e2,
        type: 3}
      propertyPath: m_Name
      value: Floor (12)
      objectReference: {fileID: 0}
    - target: {fileID: 3567346227379164377, guid: 831656e4ff86c9e47aae767a6e6bb9e2,
        type: 3}
      propertyPath: m_Layer
      value: 20
      objectReference: {fileID: 0}
    - target: {fileID: 5108402724392062886, guid: 831656e4ff86c9e47aae767a6e6bb9e2,
        type: 3}
      propertyPath: m_LocalPosition.x
      value: -2.16
      objectReference: {fileID: 0}
    - target: {fileID: 5108402724392062886, guid: 831656e4ff86c9e47aae767a6e6bb9e2,
        type: 3}
      propertyPath: m_LocalPosition.y
      value: -4.99
      objectReference: {fileID: 0}
    - target: {fileID: 5108402724392062886, guid: 831656e4ff86c9e47aae767a6e6bb9e2,
        type: 3}
      propertyPath: m_LocalPosition.z
      value: 0
      objectReference: {fileID: 0}
    - target: {fileID: 5108402724392062886, guid: 831656e4ff86c9e47aae767a6e6bb9e2,
        type: 3}
      propertyPath: m_LocalRotation.x
      value: 0
      objectReference: {fileID: 0}
    - target: {fileID: 5108402724392062886, guid: 831656e4ff86c9e47aae767a6e6bb9e2,
        type: 3}
      propertyPath: m_LocalRotation.y
      value: 0
      objectReference: {fileID: 0}
    - target: {fileID: 5108402724392062886, guid: 831656e4ff86c9e47aae767a6e6bb9e2,
        type: 3}
      propertyPath: m_LocalRotation.z
      value: 0
      objectReference: {fileID: 0}
    - target: {fileID: 5108402724392062886, guid: 831656e4ff86c9e47aae767a6e6bb9e2,
        type: 3}
      propertyPath: m_LocalRotation.w
      value: 1
      objectReference: {fileID: 0}
    - target: {fileID: 5108402724392062886, guid: 831656e4ff86c9e47aae767a6e6bb9e2,
        type: 3}
      propertyPath: m_RootOrder
      value: 12
      objectReference: {fileID: 0}
    - target: {fileID: 5108402724392062886, guid: 831656e4ff86c9e47aae767a6e6bb9e2,
        type: 3}
      propertyPath: m_LocalEulerAnglesHint.x
      value: 0
      objectReference: {fileID: 0}
    - target: {fileID: 5108402724392062886, guid: 831656e4ff86c9e47aae767a6e6bb9e2,
        type: 3}
      propertyPath: m_LocalEulerAnglesHint.y
      value: 0
      objectReference: {fileID: 0}
    - target: {fileID: 5108402724392062886, guid: 831656e4ff86c9e47aae767a6e6bb9e2,
        type: 3}
      propertyPath: m_LocalEulerAnglesHint.z
      value: 0
      objectReference: {fileID: 0}
    m_RemovedComponents: []
  m_SourcePrefab: {fileID: 100100000, guid: 831656e4ff86c9e47aae767a6e6bb9e2, type: 3}
--- !u!4 &2010975134 stripped
Transform:
  m_CorrespondingSourceObject: {fileID: 5108402724392062886, guid: 831656e4ff86c9e47aae767a6e6bb9e2,
    type: 3}
  m_PrefabInstance: {fileID: 2010975133}
  m_PrefabAsset: {fileID: 0}
--- !u!1001 &2023356943
PrefabInstance:
  m_ObjectHideFlags: 0
  serializedVersion: 2
  m_Modification:
    m_TransformParent: {fileID: 222522904}
    m_Modifications:
    - target: {fileID: 3567346227379164377, guid: 831656e4ff86c9e47aae767a6e6bb9e2,
        type: 3}
      propertyPath: m_Name
      value: Floor (11)
      objectReference: {fileID: 0}
    - target: {fileID: 3567346227379164377, guid: 831656e4ff86c9e47aae767a6e6bb9e2,
        type: 3}
      propertyPath: m_Layer
      value: 20
      objectReference: {fileID: 0}
    - target: {fileID: 5108402724392062886, guid: 831656e4ff86c9e47aae767a6e6bb9e2,
        type: 3}
      propertyPath: m_LocalPosition.x
      value: -1.19
      objectReference: {fileID: 0}
    - target: {fileID: 5108402724392062886, guid: 831656e4ff86c9e47aae767a6e6bb9e2,
        type: 3}
      propertyPath: m_LocalPosition.y
      value: -4.99
      objectReference: {fileID: 0}
    - target: {fileID: 5108402724392062886, guid: 831656e4ff86c9e47aae767a6e6bb9e2,
        type: 3}
      propertyPath: m_LocalPosition.z
      value: 0
      objectReference: {fileID: 0}
    - target: {fileID: 5108402724392062886, guid: 831656e4ff86c9e47aae767a6e6bb9e2,
        type: 3}
      propertyPath: m_LocalRotation.x
      value: 0
      objectReference: {fileID: 0}
    - target: {fileID: 5108402724392062886, guid: 831656e4ff86c9e47aae767a6e6bb9e2,
        type: 3}
      propertyPath: m_LocalRotation.y
      value: 0
      objectReference: {fileID: 0}
    - target: {fileID: 5108402724392062886, guid: 831656e4ff86c9e47aae767a6e6bb9e2,
        type: 3}
      propertyPath: m_LocalRotation.z
      value: 0
      objectReference: {fileID: 0}
    - target: {fileID: 5108402724392062886, guid: 831656e4ff86c9e47aae767a6e6bb9e2,
        type: 3}
      propertyPath: m_LocalRotation.w
      value: 1
      objectReference: {fileID: 0}
    - target: {fileID: 5108402724392062886, guid: 831656e4ff86c9e47aae767a6e6bb9e2,
        type: 3}
      propertyPath: m_RootOrder
      value: 11
      objectReference: {fileID: 0}
    - target: {fileID: 5108402724392062886, guid: 831656e4ff86c9e47aae767a6e6bb9e2,
        type: 3}
      propertyPath: m_LocalEulerAnglesHint.x
      value: 0
      objectReference: {fileID: 0}
    - target: {fileID: 5108402724392062886, guid: 831656e4ff86c9e47aae767a6e6bb9e2,
        type: 3}
      propertyPath: m_LocalEulerAnglesHint.y
      value: 0
      objectReference: {fileID: 0}
    - target: {fileID: 5108402724392062886, guid: 831656e4ff86c9e47aae767a6e6bb9e2,
        type: 3}
      propertyPath: m_LocalEulerAnglesHint.z
      value: 0
      objectReference: {fileID: 0}
    m_RemovedComponents: []
  m_SourcePrefab: {fileID: 100100000, guid: 831656e4ff86c9e47aae767a6e6bb9e2, type: 3}
--- !u!4 &2023356944 stripped
Transform:
  m_CorrespondingSourceObject: {fileID: 5108402724392062886, guid: 831656e4ff86c9e47aae767a6e6bb9e2,
    type: 3}
  m_PrefabInstance: {fileID: 2023356943}
  m_PrefabAsset: {fileID: 0}
--- !u!1001 &2025578640
PrefabInstance:
  m_ObjectHideFlags: 0
  serializedVersion: 2
  m_Modification:
    m_TransformParent: {fileID: 222522904}
    m_Modifications:
    - target: {fileID: 3567346227379164377, guid: 831656e4ff86c9e47aae767a6e6bb9e2,
        type: 3}
      propertyPath: m_Name
      value: Floor (1)
      objectReference: {fileID: 0}
    - target: {fileID: 3567346227379164377, guid: 831656e4ff86c9e47aae767a6e6bb9e2,
        type: 3}
      propertyPath: m_Layer
      value: 20
      objectReference: {fileID: 0}
    - target: {fileID: 5108402724392062886, guid: 831656e4ff86c9e47aae767a6e6bb9e2,
        type: 3}
      propertyPath: m_LocalPosition.x
      value: 0.75
      objectReference: {fileID: 0}
    - target: {fileID: 5108402724392062886, guid: 831656e4ff86c9e47aae767a6e6bb9e2,
        type: 3}
      propertyPath: m_LocalPosition.y
      value: -4.99
      objectReference: {fileID: 0}
    - target: {fileID: 5108402724392062886, guid: 831656e4ff86c9e47aae767a6e6bb9e2,
        type: 3}
      propertyPath: m_LocalPosition.z
      value: 0
      objectReference: {fileID: 0}
    - target: {fileID: 5108402724392062886, guid: 831656e4ff86c9e47aae767a6e6bb9e2,
        type: 3}
      propertyPath: m_LocalRotation.x
      value: 0
      objectReference: {fileID: 0}
    - target: {fileID: 5108402724392062886, guid: 831656e4ff86c9e47aae767a6e6bb9e2,
        type: 3}
      propertyPath: m_LocalRotation.y
      value: 0
      objectReference: {fileID: 0}
    - target: {fileID: 5108402724392062886, guid: 831656e4ff86c9e47aae767a6e6bb9e2,
        type: 3}
      propertyPath: m_LocalRotation.z
      value: 0
      objectReference: {fileID: 0}
    - target: {fileID: 5108402724392062886, guid: 831656e4ff86c9e47aae767a6e6bb9e2,
        type: 3}
      propertyPath: m_LocalRotation.w
      value: 1
      objectReference: {fileID: 0}
    - target: {fileID: 5108402724392062886, guid: 831656e4ff86c9e47aae767a6e6bb9e2,
        type: 3}
      propertyPath: m_RootOrder
      value: 1
      objectReference: {fileID: 0}
    - target: {fileID: 5108402724392062886, guid: 831656e4ff86c9e47aae767a6e6bb9e2,
        type: 3}
      propertyPath: m_LocalEulerAnglesHint.x
      value: 0
      objectReference: {fileID: 0}
    - target: {fileID: 5108402724392062886, guid: 831656e4ff86c9e47aae767a6e6bb9e2,
        type: 3}
      propertyPath: m_LocalEulerAnglesHint.y
      value: 0
      objectReference: {fileID: 0}
    - target: {fileID: 5108402724392062886, guid: 831656e4ff86c9e47aae767a6e6bb9e2,
        type: 3}
      propertyPath: m_LocalEulerAnglesHint.z
      value: 0
      objectReference: {fileID: 0}
    m_RemovedComponents: []
  m_SourcePrefab: {fileID: 100100000, guid: 831656e4ff86c9e47aae767a6e6bb9e2, type: 3}
--- !u!4 &2025578641 stripped
Transform:
  m_CorrespondingSourceObject: {fileID: 5108402724392062886, guid: 831656e4ff86c9e47aae767a6e6bb9e2,
    type: 3}
  m_PrefabInstance: {fileID: 2025578640}
  m_PrefabAsset: {fileID: 0}
--- !u!1 &2055772082
GameObject:
  m_ObjectHideFlags: 0
  m_CorrespondingSourceObject: {fileID: 0}
  m_PrefabInstance: {fileID: 0}
  m_PrefabAsset: {fileID: 0}
  serializedVersion: 6
  m_Component:
  - component: {fileID: 2055772085}
  - component: {fileID: 2055772084}
  - component: {fileID: 2055772083}
  - component: {fileID: 2055772086}
  m_Layer: 0
  m_Name: PermeableWall
  m_TagString: Untagged
  m_Icon: {fileID: 0}
  m_NavMeshLayer: 0
  m_StaticEditorFlags: 0
  m_IsActive: 1
--- !u!61 &2055772083
BoxCollider2D:
  m_ObjectHideFlags: 0
  m_CorrespondingSourceObject: {fileID: 0}
  m_PrefabInstance: {fileID: 0}
  m_PrefabAsset: {fileID: 0}
  m_GameObject: {fileID: 2055772082}
  m_Enabled: 1
  m_Density: 1
  m_Material: {fileID: 6200000, guid: c95ef736b367e804caa30c80737fc222, type: 2}
  m_IsTrigger: 0
  m_UsedByEffector: 0
  m_UsedByComposite: 0
  m_Offset: {x: 0, y: 0}
  m_SpriteTilingProperty:
    border: {x: 0, y: 0, z: 0, w: 0}
    pivot: {x: 0.5, y: 0.5}
    oldSize: {x: 0.77734375, y: 2.578125}
    newSize: {x: 0.77734375, y: 2.578125}
    adaptiveTilingThreshold: 0.5
    drawMode: 0
    adaptiveTiling: 0
  m_AutoTiling: 0
  serializedVersion: 2
  m_Size: {x: 0.5, y: 3}
  m_EdgeRadius: 0
--- !u!212 &2055772084
SpriteRenderer:
  m_ObjectHideFlags: 0
  m_CorrespondingSourceObject: {fileID: 0}
  m_PrefabInstance: {fileID: 0}
  m_PrefabAsset: {fileID: 0}
  m_GameObject: {fileID: 2055772082}
  m_Enabled: 1
  m_CastShadows: 0
  m_ReceiveShadows: 0
  m_DynamicOccludee: 1
  m_MotionVectors: 1
  m_LightProbeUsage: 1
  m_ReflectionProbeUsage: 1
  m_RayTracingMode: 0
  m_RayTraceProcedural: 0
  m_RenderingLayerMask: 1
  m_RendererPriority: 0
  m_Materials:
  - {fileID: 10754, guid: 0000000000000000f000000000000000, type: 0}
  m_StaticBatchInfo:
    firstSubMesh: 0
    subMeshCount: 0
  m_StaticBatchRoot: {fileID: 0}
  m_ProbeAnchor: {fileID: 0}
  m_LightProbeVolumeOverride: {fileID: 0}
  m_ScaleInLightmap: 1
  m_ReceiveGI: 1
  m_PreserveUVs: 0
  m_IgnoreNormalsForChartDetection: 0
  m_ImportantGI: 0
  m_StitchLightmapSeams: 1
  m_SelectedEditorRenderState: 0
  m_MinimumChartSize: 4
  m_AutoUVMaxDistance: 0.5
  m_AutoUVMaxAngle: 89
  m_LightmapParameters: {fileID: 0}
  m_SortingLayerID: 0
  m_SortingLayer: 0
  m_SortingOrder: 0
  m_Sprite: {fileID: 21300002, guid: cbf958bb9960a5d4cb587a17cedbfeac, type: 3}
  m_Color: {r: 1, g: 1, b: 1, a: 1}
  m_FlipX: 0
  m_FlipY: 0
  m_DrawMode: 0
  m_Size: {x: 0.77734375, y: 2.578125}
  m_AdaptiveModeThreshold: 0.5
  m_SpriteTileMode: 0
  m_WasSpriteAssigned: 1
  m_MaskInteraction: 0
  m_SpriteSortPoint: 0
--- !u!4 &2055772085
Transform:
  m_ObjectHideFlags: 0
  m_CorrespondingSourceObject: {fileID: 0}
  m_PrefabInstance: {fileID: 0}
  m_PrefabAsset: {fileID: 0}
  m_GameObject: {fileID: 2055772082}
  m_LocalRotation: {x: 0, y: 0, z: 0, w: 1}
  m_LocalPosition: {x: -0.02, y: -1, z: 2.1960034}
  m_LocalScale: {x: 3, y: 3, z: 1}
  m_Children: []
  m_Father: {fileID: 0}
  m_RootOrder: 2
  m_LocalEulerAnglesHint: {x: 0, y: 0, z: 0}
--- !u!114 &2055772086
MonoBehaviour:
  m_ObjectHideFlags: 0
  m_CorrespondingSourceObject: {fileID: 0}
  m_PrefabInstance: {fileID: 0}
  m_PrefabAsset: {fileID: 0}
  m_GameObject: {fileID: 2055772082}
  m_Enabled: 1
  m_EditorHideFlags: 0
  m_Script: {fileID: 11500000, guid: fb5447e74a2649d46ab659cc93c783a9, type: 3}
  m_Name: 
  m_EditorClassIdentifier: 
--- !u!1001 &2072640291
PrefabInstance:
  m_ObjectHideFlags: 0
  serializedVersion: 2
  m_Modification:
    m_TransformParent: {fileID: 222522904}
    m_Modifications:
    - target: {fileID: 3567346227379164377, guid: 831656e4ff86c9e47aae767a6e6bb9e2,
        type: 3}
      propertyPath: m_Name
      value: Floor (4)
      objectReference: {fileID: 0}
    - target: {fileID: 3567346227379164377, guid: 831656e4ff86c9e47aae767a6e6bb9e2,
        type: 3}
      propertyPath: m_Layer
      value: 20
      objectReference: {fileID: 0}
    - target: {fileID: 5108402724392062886, guid: 831656e4ff86c9e47aae767a6e6bb9e2,
        type: 3}
      propertyPath: m_LocalPosition.x
      value: 3.68
      objectReference: {fileID: 0}
    - target: {fileID: 5108402724392062886, guid: 831656e4ff86c9e47aae767a6e6bb9e2,
        type: 3}
      propertyPath: m_LocalPosition.y
      value: -4.99
      objectReference: {fileID: 0}
    - target: {fileID: 5108402724392062886, guid: 831656e4ff86c9e47aae767a6e6bb9e2,
        type: 3}
      propertyPath: m_LocalPosition.z
      value: 0
      objectReference: {fileID: 0}
    - target: {fileID: 5108402724392062886, guid: 831656e4ff86c9e47aae767a6e6bb9e2,
        type: 3}
      propertyPath: m_LocalRotation.x
      value: 0
      objectReference: {fileID: 0}
    - target: {fileID: 5108402724392062886, guid: 831656e4ff86c9e47aae767a6e6bb9e2,
        type: 3}
      propertyPath: m_LocalRotation.y
      value: 0
      objectReference: {fileID: 0}
    - target: {fileID: 5108402724392062886, guid: 831656e4ff86c9e47aae767a6e6bb9e2,
        type: 3}
      propertyPath: m_LocalRotation.z
      value: 0
      objectReference: {fileID: 0}
    - target: {fileID: 5108402724392062886, guid: 831656e4ff86c9e47aae767a6e6bb9e2,
        type: 3}
      propertyPath: m_LocalRotation.w
      value: 1
      objectReference: {fileID: 0}
    - target: {fileID: 5108402724392062886, guid: 831656e4ff86c9e47aae767a6e6bb9e2,
        type: 3}
      propertyPath: m_RootOrder
      value: 4
      objectReference: {fileID: 0}
    - target: {fileID: 5108402724392062886, guid: 831656e4ff86c9e47aae767a6e6bb9e2,
        type: 3}
      propertyPath: m_LocalEulerAnglesHint.x
      value: 0
      objectReference: {fileID: 0}
    - target: {fileID: 5108402724392062886, guid: 831656e4ff86c9e47aae767a6e6bb9e2,
        type: 3}
      propertyPath: m_LocalEulerAnglesHint.y
      value: 0
      objectReference: {fileID: 0}
    - target: {fileID: 5108402724392062886, guid: 831656e4ff86c9e47aae767a6e6bb9e2,
        type: 3}
      propertyPath: m_LocalEulerAnglesHint.z
      value: 0
      objectReference: {fileID: 0}
    m_RemovedComponents: []
  m_SourcePrefab: {fileID: 100100000, guid: 831656e4ff86c9e47aae767a6e6bb9e2, type: 3}
--- !u!4 &2072640292 stripped
Transform:
  m_CorrespondingSourceObject: {fileID: 5108402724392062886, guid: 831656e4ff86c9e47aae767a6e6bb9e2,
    type: 3}
  m_PrefabInstance: {fileID: 2072640291}
  m_PrefabAsset: {fileID: 0}
